
@ARTICLE{Friel1995,
       author = {{Friel}, E.~D.},
        title = "{The Old Open Clusters Of The Milky Way}",
      journal = {\araa},
         year = 1995,
        month = jan,
       volume = {33},
        pages = {381-414},
          doi = {10.1146/annurev.aa.33.090195.002121},
       adsurl = {https://ui.adsabs.harvard.edu/abs/1995ARA&A..33..381F},
      adsnote = {Provided by the SAO/NASA Astrophysics Data System}
}

@ARTICLE{Messier1771,
       author = {{Messier}, C.},
        title = "{Catalogue des Nébuleuses & des amas d'Étoiles, que l'on découvre parmi les Étoiles fixes sur l'horizon de Paris; observées à l'Observatoire de la Marine, avec differens instruments}",
      journal = {Mémoires de l'Académie Royale des Sciences},
         year = 1774,
        pages = {435-461},
          url = {http://www.messier.seds.org/xtra/history/m-cat71.html},
}

@ARTICLE{Herschel1786,
       author = {{Herschel}, William},
        title = "{Catalogue of One Thousand New Nebulae and Clusters of Stars. By William Herschel, LL.D. F. R. S.}",
      journal = {Philosophical Transactions of the Royal Society of London Series I},
         year = 1786,
        month = jan,
       volume = {76},
        pages = {457-499},
       adsurl = {https://ui.adsabs.harvard.edu/abs/1786RSPT...76..457H},
      adsnote = {Provided by the SAO/NASA Astrophysics Data System}
}

@ARTICLE{Dreyer1888,
       author = {{Dreyer}, J.~L.~E.},
        title = "{A New General Catalogue of Nebul{\ae} and Clusters of Stars, being the Catalogue of the late Sir John F. W. Herschel, Bart, revised, corrected, and enlarged}",
      journal = {\memras},
         year = 1888,
        month = jan,
       volume = {49},
        pages = {1},
       adsurl = {https://ui.adsabs.harvard.edu/abs/1888MmRAS..49....1D},
      adsnote = {Provided by the SAO/NASA Astrophysics Data System}
}

@INPROCEEDINGS{Mermilliod1995,
       author = {{Mermilliod}, Jean-Claude},
        title = "{The Database for Galactic Open Clusters (BDA)}",
     keywords = {Data Bases: Open Clusters},
    booktitle = {Information \& On-Line Data in Astronomy},
         year = 1995,
       editor = {{Egret}, D. and {Albrecht}, M.~A.},
       volume = {203},
        month = jan,
        series = {},
        pages = {127},
          doi = {10.1007/978-94-011-0397-8_12},
       adsurl = {https://ui.adsabs.harvard.edu/abs/1995ASSL..203..127M},
      adsnote = {Provided by the SAO/NASA Astrophysics Data System}
}

@ARTICLE{Lynga1987,
       author = {{Lynga}, G.},
        title = "{VizieR Online Data Catalog: Open Cluster Data 5th Edition (Lynga 1987)}",
      journal = {VizieR Online Data Catalog},
     keywords = {Clusters: open, Bibliography, Combined data},
         year = 1987,
        month = feb,
          eid = {VII/92A},
        pages = {VII/92A},
       adsurl = {https://ui.adsabs.harvard.edu/abs/1995yCat.7092....0L},
      adsnote = {Provided by the SAO/NASA Astrophysics Data System}
}

@ARTICLE{Bonatto_2006,
       author = {{Bonatto}, C. and {Kerber}, L.~O. and {Bica}, E. and {Santiago}, B.~X.},
        title = "{Probing disk properties with open clusters}",
      journal = {A\&A},
     keywords = {Galaxy: open clusters and associations: general, Galaxy: structure, Astrophysics},
         year = 2006,
        month = jan,
       volume = {446},
       number = {1},
        pages = {121-135},
          doi = {10.1051/0004-6361:20053573},
archivePrefix = {arXiv},
       eprint = {astro-ph/0509804},
 primaryClass = {astro-ph},
       adsurl = {https://ui.adsabs.harvard.edu/abs/2006A&A...446..121B},
      adsnote = {Provided by the SAO/NASA Astrophysics Data System}
}

@ARTICLE{Skrutskie_2006,
       author = {{Skrutskie}, M.~F. and {Cutri}, R.~M. and {Stiening}, R. and {Weinberg}, M.~D. and {Schneider}, S. and {Carpenter}, J.~M. and {Beichman}, C. and {Capps}, R. and {Chester}, T. and {Elias}, J. and {Huchra}, J. and {Liebert}, J. and {Lonsdale}, C. and {Monet}, D.~G. and {Price}, S. and {Seitzer}, P. and {Jarrett}, T. and {Kirkpatrick}, J.~D. and {Gizis}, J.~E. and {Howard}, E. and {Evans}, T. and {Fowler}, J. and {Fullmer}, L. and {Hurt}, R. and {Light}, R. and {Kopan}, E.~L. and {Marsh}, K.~A. and {McCallon}, H.~L. and {Tam}, R. and {Van Dyk}, S. and {Wheelock}, S.},
        title = "{The Two Micron All Sky Survey (2MASS)}",
      journal = {\aj},
     keywords = {Catalogs, Infrared: General, Surveys},
         year = 2006,
        month = feb,
       volume = {131},
       number = {2},
        pages = {1163-1183},
          doi = {10.1086/498708},
       adsurl = {https://ui.adsabs.harvard.edu/abs/2006AJ....131.1163S},
      adsnote = {Provided by the SAO/NASA Astrophysics Data System}
}

@ARTICLE{Perryman_1997,
       author = {{Perryman}, M.~A.~C. and {Lindegren}, L. and {Kovalevsky}, J. and {Hoeg}, E. and {Bastian}, U. and {Bernacca}, P.~L. and {Cr{\'e}z{\'e}}, M. and {Donati}, F. and {Grenon}, M. and {Grewing}, M. and {van Leeuwen}, F. and {van der Marel}, H. and {Mignard}, F. and {Murray}, C.~A. and {Le Poole}, R.~S. and {Schrijver}, H. and {Turon}, C. and {Arenou}, F. and {Froeschl{\'e}}, M. and {Petersen}, C.~S.},
        title = "{The HIPPARCOS Catalogue}",
      journal = {\aap},
         year = 1997,
        month = jul,
       volume = {323},
        pages = {L49-L52},
       adsurl = {https://ui.adsabs.harvard.edu/abs/1997A&A...323L..49P},
      adsnote = {Provided by the SAO/NASA Astrophysics Data System}
}

@ARTICLE{Hog_1997,
       author = {{H{\o}g}, E. and {B{\"a}ssgen}, G. and {Bastian}, U. and {Egret}, D. and {Fabricius}, C. and {Gro{\ss}mann}, V. and {Halbwachs}, J.~L. and {Makarov}, V.~V. and {Perryman}, M.~A.~C. and {Schwekendiek}, P. and {Wagner}, K. and {Wicenec}, A.},
        title = "{The TYCHO Catalogue}",
      journal = {\aap},
         year = 1997,
        month = jul,
       volume = {323},
        pages = {L57-L60},
       adsurl = {https://ui.adsabs.harvard.edu/abs/1997A&A...323L..57H},
      adsnote = {Provided by the SAO/NASA Astrophysics Data System}
}

@ARTICLE{Gaia_2016,
       author = {{Gaia Collaboration} and {Prusti}, T. and {de Bruijne}, J.~H.~J. and {Brown}, A.~G.~A. and {Vallenari}, A. and {Babusiaux}, C. and {Bailer-Jones}, C.~A.~L. and {Bastian}, U. and {Biermann}, M. and {Evans}, D.~W. and {Eyer}, L. and {Jansen}, F. and {Jordi}, C. and {Klioner}, S.~A. and {Lammers}, U. and {Lindegren}, L. and {Luri}, X. and {Mignard}, F.},
        title = "{The Gaia mission}",
      journal = {\aap},
     keywords = {space vehicles: instruments, Galaxy: structure, astrometry, parallaxes, proper motions, telescopes, Astrophysics - Instrumentation and Methods for Astrophysics},
         year = 2016,
        month = nov,
       volume = {595},
          eid = {A1},
        pages = {A1},
          doi = {10.1051/0004-6361/201629272},
archivePrefix = {arXiv},
       eprint = {1609.04153},
 primaryClass = {astro-ph.IM},
       adsurl = {https://ui.adsabs.harvard.edu/abs/2016A&A...595A...1G},
      adsnote = {Provided by the SAO/NASA Astrophysics Data System}
}

@ARTICLE{GaiaDR3_2022,
       author = {{Gaia Collaboration} and {Vallenari}, A. and {Brown}, A.~G.~A. and {Prusti}, T. and {de Bruijne}, J.~H.~J. and {Arenou}, F. and {Babusiaux}, C. and {Biermann}, M. and {Creevey}, O.~L. and {Ducourant}, C. and {Evans}, D.~W},
        title = "{Gaia Data Release 3: Summary of the content and survey properties}",
      journal = {arXiv e-prints},
     keywords = {Astrophysics - Astrophysics of Galaxies},
         year = 2022,
        month = jul,
          eid = {arXiv:2208.00211},
        pages = {arXiv:2208.00211},
          doi = {10.48550/arXiv.2208.00211},
archivePrefix = {arXiv},
       eprint = {2208.00211},
 primaryClass = {astro-ph.GA},
       adsurl = {https://ui.adsabs.harvard.edu/abs/2022arXiv220800211G},
      adsnote = {Provided by the SAO/NASA Astrophysics Data System}
}

@ARTICLE{Babusiaux_2022,
       author = {{Babusiaux}, C. and {Fabricius}, C. and {Khanna}, S. and {Muraveva}, T. and {Reyl{\'e}}, C. and {Spoto}, F. and {Vallenari}, A. and {Luri}, X. and {Arenou}, F. and {Alvarez}, M.~A. and {Anders}, F.},
        title = "{Gaia Data Release 3: Catalogue Validation}",
      journal = {arXiv e-prints},
     keywords = {Astrophysics - Solar and Stellar Astrophysics, Astrophysics - Earth and Planetary Astrophysics, Astrophysics - Astrophysics of Galaxies, Astrophysics - Instrumentation and Methods for Astrophysics},
         year = 2022,
        month = jun,
          eid = {arXiv:2206.05989},
        pages = {arXiv:2206.05989},
          doi = {10.48550/arXiv.2206.05989},
archivePrefix = {arXiv},
       eprint = {2206.05989},
 primaryClass = {astro-ph.SR},
       adsurl = {https://ui.adsabs.harvard.edu/abs/2022arXiv220605989B},
      adsnote = {Provided by the SAO/NASA Astrophysics Data System}
}

@ARTICLE{Kharchenko_2012,
       author = {{Kharchenko}, N.~V. and {Piskunov}, A.~E. and {Schilbach}, E. and {R{\"o}ser}, S. and {Scholz}, R. -D.},
        title = "{Global survey of star clusters in the Milky Way. I. The pipeline and fundamental parameters in the second quadrant}",
      journal = {\aap},
     keywords = {globular clusters: general, open clusters and associations: general, catalogs, Astrophysics - Astrophysics of Galaxies},
         year = 2012,
        month = jul,
       volume = {543},
          eid = {A156},
        pages = {A156},
          doi = {10.1051/0004-6361/201118708},
       eprint = {1207.4001},
 primaryClass = {astro-ph.GA},
       adsurl = {https://ui.adsabs.harvard.edu/abs/2012A&A...543A.156K},
      adsnote = {Provided by the SAO/NASA Astrophysics Data System}
}

@ARTICLE{Loktin_2017,
       author = {{Loktin}, A.~V. and {Popova}, M.~E.},
        title = "{Updated version of the `homogeneous catalog of open cluster parameters'}",
      journal = {Astrophysical Bulletin},
     keywords = {Galaxy: open clusters and associations: general},
         year = 2017,
        month = jul,
       volume = {72},
       number = {3},
        pages = {257-265},
          doi = {10.1134/S1990341317030154},
       adsurl = {https://ui.adsabs.harvard.edu/abs/2017AstBu..72..257L},
      adsnote = {Provided by the SAO/NASA Astrophysics Data System}
}

@ARTICLE{Bica_2019,
       author = {{Bica}, Eduardo and {Pavani}, Daniela B. and {Bonatto}, Charles J. and {Lima}, Eliade F.},
        title = "{A Multi-band Catalog of 10978 Star Clusters, Associations, and Candidates in the Milky Way}",
      journal = {\aj},
     keywords = {atlases, catalogs, surveys, Galaxy: bulge, Galaxy: disk, Galaxy: halo, Astrophysics - Astrophysics of Galaxies},
         year = 2019,
        month = jan,
       volume = {157},
       number = {1},
          eid = {12},
        pages = {12},
          doi = {10.3847/1538-3881/aaef8d},
archivePrefix = {arXiv},
       eprint = {1812.10292},
 primaryClass = {astro-ph.GA},
       adsurl = {https://ui.adsabs.harvard.edu/abs/2019AJ....157...12B},
      adsnote = {Provided by the SAO/NASA Astrophysics Data System}
}

@ARTICLE{Hunt_2023,
       author = {{Hunt}, Emily L. and {Reffert}, Sabine},
        title = "{Improving the open cluster census. II. An all-sky cluster catalogue with Gaia DR3}",
      journal = {\aap},
     keywords = {open clusters and associations: general, methods: data analysis, catalogs, astrometry, Astrophysics - Astrophysics of Galaxies, Astrophysics - Instrumentation and Methods for Astrophysics},
         year = 2023,
        month = may,
       volume = {673},
          eid = {A114},
        pages = {A114},
          doi = {10.1051/0004-6361/202346285},
archivePrefix = {arXiv},
       eprint = {2303.13424},
 primaryClass = {astro-ph.GA},
       adsurl = {https://ui.adsabs.harvard.edu/abs/2023A&A...673A.114H},
      adsnote = {Provided by the SAO/NASA Astrophysics Data System}
}

@InProceedings{Campello_2013,
author="Campello, Ricardo J. G. B.
and Moulavi, Davoud
and Sander, Joerg",
editor="Pei, Jian
and Tseng, Vincent S.
and Cao, Longbing
and Motoda, Hiroshi
and Xu, Guandong",
title="Density-Based Clustering Based on Hierarchical Density Estimates",
booktitle="Advances in Knowledge Discovery and Data Mining",
year="2013",
publisher="Springer Berlin Heidelberg",
address="Berlin, Heidelberg",
pages="160--172",
abstract="We propose a theoretically and practically improved density-based, hierarchical clustering method, providing a clustering hierarchy from which a simplified tree of significant clusters can be constructed. For obtaining a ``flat'' partition consisting of only the most significant clusters (possibly corresponding to different density thresholds), we propose a novel cluster stability measure, formalize the problem of maximizing the overall stability of selected clusters, and formulate an algorithm that computes an optimal solution to this problem. We demonstrate that our approach outperforms the current, state-of-the-art, density-based clustering methods on a wide variety of real world data.",
isbn="978-3-642-37456-2"
}


@ARTICLE{Castro_Ginard_2018,
       author = {{Castro-Ginard}, A. and {Jordi}, C. and {Luri}, X. and {Julbe}, F. and {Morvan}, M. and {Balaguer-N{\'u}{\~n}ez}, L. and {Cantat-Gaudin}, T.},
        title = "{A new method for unveiling open clusters in Gaia. New nearby open clusters confirmed by DR2}",
      journal = {\aap},
     keywords = {surveys, open clusters and associations: general, astrometry, methods: data analysis, Astrophysics - Astrophysics of Galaxies},
         year = 2018,
        month = oct,
       volume = {618},
          eid = {A59},
        pages = {A59},
          doi = {10.1051/0004-6361/201833390},
archivePrefix = {arXiv},
       eprint = {1805.03045},
 primaryClass = {astro-ph.GA},
       adsurl = {https://ui.adsabs.harvard.edu/abs/2018A&amp;A...618A..59C},
      adsnote = {Provided by the SAO/NASA Astrophysics Data System}
}

@ARTICLE{Sim_2019,
       author = {{Sim}, Gyuheon and {Lee}, Sang Hyun and {Ann}, Hong Bae and {Kim}, Seunghyeon},
        title = "{207 New Open Star Clusters within 1 kpc from Gaia Data Release 2}",
      journal = {Journal of Korean Astronomical Society},
     keywords = {open cluster and associations: general, catalogs, methods: data analysis, Astrophysics - Solar and Stellar Astrophysics, Astrophysics - Astrophysics of Galaxies},
         year = 2019,
        month = oct,
       volume = {52},
        pages = {145-158},
          doi = {10.5303/JKAS.2019.52.5.145},
archivePrefix = {arXiv},
       eprint = {1907.06872},
 primaryClass = {astro-ph.SR},
       adsurl = {https://ui.adsabs.harvard.edu/abs/2019JKAS...52..145S},
      adsnote = {Provided by the SAO/NASA Astrophysics Data System}
}

@ARTICLE{Castro-Ginard_2019,
       author = {{Castro-Ginard}, A. and {Jordi}, C. and {Luri}, X. and {Cantat-Gaudin}, T. and {Balaguer-N{\'u}{\~n}ez}, L.},
        title = "{Hunting for open clusters in Gaia DR2: the Galactic anticentre}",
      journal = {\aap},
     keywords = {surveys, open clusters and associations: general, astrometry, methods: data analysis, Astrophysics - Astrophysics of Galaxies},
         year = 2019,
        month = jul,
       volume = {627},
          eid = {A35},
        pages = {A35},
          doi = {10.1051/0004-6361/201935531},
archivePrefix = {arXiv},
       eprint = {1905.06161},
 primaryClass = {astro-ph.GA},
       adsurl = {https://ui.adsabs.harvard.edu/abs/2019A&amp;A...627A..35C},
      adsnote = {Provided by the SAO/NASA Astrophysics Data System}
}

@ARTICLE{Liu_2019,
       author = {{Liu}, Lei and {Pang}, Xiaoying},
        title = "{A Catalog of Newly Identified Star Clusters in Gaia DR2}",
      journal = {\apjs},
     keywords = {catalogs, galaxies: star clusters: general, methods: data analysis, open clusters and associations: general, Astrophysics - Astrophysics of Galaxies},
         year = 2019,
        month = dec,
       volume = {245},
       number = {2},
          eid = {32},
        pages = {32},
          doi = {10.3847/1538-4365/ab530a},
archivePrefix = {arXiv},
       eprint = {1910.12600},
 primaryClass = {astro-ph.GA},
       adsurl = {https://ui.adsabs.harvard.edu/abs/2019ApJS..245...32L},
      adsnote = {Provided by the SAO/NASA Astrophysics Data System}
}

@ARTICLE{Ferreira_2019,
       author = {{Ferreira}, Filipe A. and {Santos}, J.~F.~C. and {Corradi}, W.~J.~B. and {Maia}, F.~F.~S. and {Angelo}, M.~S.},
        title = "{Three new Galactic star clusters discovered in the field of the open cluster NGC 5999 with Gaia DR2}",
      journal = {\mnras},
     keywords = {open clusters and associations: general, Galaxy: stellar content, Astrophysics - Astrophysics of Galaxies},
         year = 2019,
        month = mar,
       volume = {483},
       number = {4},
        pages = {5508-5517},
          doi = {10.1093/mnras/sty3511},
archivePrefix = {arXiv},
       eprint = {1812.10795},
 primaryClass = {astro-ph.GA},
       adsurl = {https://ui.adsabs.harvard.edu/abs/2019MNRAS.483.5508F},
      adsnote = {Provided by the SAO/NASA Astrophysics Data System}
}

@ARTICLE{Castro-Ginard_2020,
       author = {{Castro-Ginard}, A. and {Jordi}, C. and {Luri}, X. and {{\'A}lvarez Cid-Fuentes}, J. and {Casamiquela}, L. and {Anders}, F. and {Cantat-Gaudin}, T. and {Mongui{\'o}}, M. and {Balaguer-N{\'u}{\~n}ez}, L. and {Sol{\`a}}, S. and {Badia}, R.~M.},
        title = "{Hunting for open clusters in Gaia DR2: 582 new open clusters in the Galactic disc}",
      journal = {\aap},
     keywords = {surveys, open clusters and associations: general, astrometry, methods: data analysis, Astrophysics - Astrophysics of Galaxies, Astrophysics - Solar and Stellar Astrophysics},
         year = 2020,
        month = mar,
       volume = {635},
          eid = {A45},
        pages = {A45},
          doi = {10.1051/0004-6361/201937386},
archivePrefix = {arXiv},
       eprint = {2001.07122},
 primaryClass = {astro-ph.GA},
       adsurl = {https://ui.adsabs.harvard.edu/abs/2020A&amp;A...635A..45C},
      adsnote = {Provided by the SAO/NASA Astrophysics Data System}
}

@ARTICLE{Ferreira_2020,
       author = {{Ferreira}, F.~A. and {Corradi}, W.~J.~B. and {Maia}, F.~F.~S. and {Angelo}, M.~S. and {Santos}, J.~F.~C., Jr.},
        title = "{Discovery and astrophysical properties of Galactic open clusters in dense stellar fields using Gaia DR2}",
      journal = {\mnras},
     keywords = {Surveys, open clusters and associations: general, Galaxy: stellar content, Astrophysics - Solar and Stellar Astrophysics, Astrophysics - Astrophysics of Galaxies},
         year = 2020,
        month = aug,
       volume = {496},
       number = {2},
        pages = {2021-2038},
          doi = {10.1093/mnras/staa1684},
archivePrefix = {arXiv},
       eprint = {2006.05611},
 primaryClass = {astro-ph.SR},
       adsurl = {https://ui.adsabs.harvard.edu/abs/2020MNRAS.496.2021F},
      adsnote = {Provided by the SAO/NASA Astrophysics Data System}
}

@ARTICLE{Cantat-Gaudin_2020,
       author = {{Cantat-Gaudin}, T. and {Anders}, F. and {Castro-Ginard}, A. and {Jordi}, C. and {Romero-G{\'o}mez}, M. and {Soubiran}, C. and {Casamiquela}, L. and {Tarricq}, Y. and {Moitinho}, A. and {Vallenari}, A. and {Bragaglia}, A. and {Krone-Martins}, A. and {Kounkel}, M.},
        title = "{Painting a portrait of the Galactic disc with its stellar clusters}",
      journal = {\aap},
     keywords = {open clusters and associations: general, Galaxy: disk, Astrophysics - Astrophysics of Galaxies, Astrophysics - Solar and Stellar Astrophysics},
         year = 2020,
        month = aug,
       volume = {640},
          eid = {A1},
        pages = {A1},
          doi = {10.1051/0004-6361/202038192},
archivePrefix = {arXiv},
       eprint = {2004.07274},
 primaryClass = {astro-ph.GA},
       adsurl = {https://ui.adsabs.harvard.edu/abs/2020A&amp;A...640A...1C},
      adsnote = {Provided by the SAO/NASA Astrophysics Data System}
}

@ARTICLE{Hao_2020,
       author = {{Hao}, ChaoJie and {Xu}, Ye and {Wu}, ZhenYu and {He}, ZhiHong and {Bian}, ShuaiBo},
        title = "{Sixteen Open Clusters Discovered with Sample-based Clustering Search of Gaia DR2}",
      journal = {\pasp},
     keywords = {methods: data analysis, methods: statistical, open clusters and associations: general},
         year = 2020,
        month = mar,
       volume = {132},
       number = {1009},
          eid = {034502},
        pages = {034502},
          doi = {10.1088/1538-3873/ab694d},
       adsurl = {https://ui.adsabs.harvard.edu/abs/2020PASP..132c4502H},
      adsnote = {Provided by the SAO/NASA Astrophysics Data System}
}

@ARTICLE{Ferreira_2021,
       author = {{Ferreira}, F.~A. and {Corradi}, W.~J.~B. and {Maia}, F.~F.~S. and {Angelo}, M.~S. and {Santos}, J.~F.~C., Jr.},
        title = "{New star clusters discovered towards the Galactic bulge direction using Gaia DR2}",
      journal = {\mnras},
     keywords = {open clusters and associations: general, Galaxy: stellar content, Astrophysics - Astrophysics of Galaxies, Astrophysics - Solar and Stellar Astrophysics},
         year = 2021,
        month = mar,
       volume = {502},
       number = {1},
        pages = {L90-L94},
          doi = {10.1093/mnrasl/slab011},
archivePrefix = {arXiv},
       eprint = {2101.10982},
 primaryClass = {astro-ph.GA},
       adsurl = {https://ui.adsabs.harvard.edu/abs/2021MNRAS.502L..90F},
      adsnote = {Provided by the SAO/NASA Astrophysics Data System}
}

@ARTICLE{He_2021,
       author = {{He}, Zhi-Hong and {Xu}, Ye and {Hao}, Chao-Jie and {Wu}, Zhen-Yu and {Li}, Jing-Jing},
        title = "{A catalogue of 74 new open clusters found in Gaia Data-Release 2}",
      journal = {Research in Astronomy and Astrophysics},
     keywords = {Galaxy: open clusters and associations, methods: data analysis, surveys, Astrophysics - Astrophysics of Galaxies, Astrophysics - Solar and Stellar Astrophysics},
         year = 2021,
        month = may,
       volume = {21},
       number = {4},
          eid = {093},
        pages = {093},
          doi = {10.1088/1674-4527/21/4/93},
archivePrefix = {arXiv},
       eprint = {2010.14870},
 primaryClass = {astro-ph.GA},
       adsurl = {https://ui.adsabs.harvard.edu/abs/2021RAA....21...93H},
      adsnote = {Provided by the SAO/NASA Astrophysics Data System}
}

@ARTICLE{Dias_2021,
       author = {{Dias}, W.~S. and {Monteiro}, H. and {Moitinho}, A. and {L{\'e}pine}, J.~R.~D. and {Carraro}, G. and {Paunzen}, E. and {Alessi}, B. and {Villela}, L.},
        title = "{Updated parameters of 1743 open clusters based on Gaia DR2}",
      journal = {\mnras},
     keywords = {open clusters and associations: general, Astrophysics - Solar and Stellar Astrophysics, Astrophysics - Astrophysics of Galaxies},
         year = 2021,
        month = jun,
       volume = {504},
       number = {1},
        pages = {356-371},
          doi = {10.1093/mnras/stab770},
archivePrefix = {arXiv},
       eprint = {2103.12829},
 primaryClass = {astro-ph.SR},
       adsurl = {https://ui.adsabs.harvard.edu/abs/2021MNRAS.504..356D},
      adsnote = {Provided by the SAO/NASA Astrophysics Data System}
}

@ARTICLE{Hunt_2021,
       author = {{Hunt}, Emily L. and {Reffert}, Sabine},
        title = "{Improving the open cluster census. I. Comparison of clustering algorithms applied to Gaia DR2 data}",
      journal = {\aap},
     keywords = {methods: data analysis, open clusters and associations: general, astrometry, Astrophysics - Astrophysics of Galaxies, Astrophysics - Solar and Stellar Astrophysics},
         year = 2021,
        month = feb,
       volume = {646},
          eid = {A104},
        pages = {A104},
          doi = {10.1051/0004-6361/202039341},
archivePrefix = {arXiv},
       eprint = {2012.04267},
 primaryClass = {astro-ph.GA},
       adsurl = {https://ui.adsabs.harvard.edu/abs/2021A&amp;A...646A.104H},
      adsnote = {Provided by the SAO/NASA Astrophysics Data System}
}

@ARTICLE{Casado_2021,
       author = {{Casado}, Juan},
        title = "{New open clusters found by manual mining of data based on Gaia DR2}",
      journal = {Research in Astronomy and Astrophysics},
     keywords = {astronomical databases: miscellaneous parallaxes, proper motions (stars:) Hertzsprung, Russell, CCM diagrams (Galaxy:) open clusters, associations: individual, Astrophysics - Solar and Stellar Astrophysics, Astrophysics - Astrophysics of Galaxies},
         year = 2021,
        month = jun,
       volume = {21},
       number = {5},
          eid = {117},
        pages = {117},
          doi = {10.1088/1674-4527/21/5/117},
archivePrefix = {arXiv},
       eprint = {2009.04751},
 primaryClass = {astro-ph.SR},
       adsurl = {https://ui.adsabs.harvard.edu/abs/2021RAA....21..117C},
      adsnote = {Provided by the SAO/NASA Astrophysics Data System}
}

@ARTICLE{Jaehnig_2021,
       author = {{Jaehnig}, Karl and {Bird}, Jonathan and {Holley-Bockelmann}, Kelly},
        title = "{Membership Lists for 431 Open Clusters in Gaia DR2 Using Extreme Deconvolution Gaussian Mixture Models}",
      journal = {\apj},
     keywords = {1858, 1160, 80, Astrophysics - Astrophysics of Galaxies},
         year = 2021,
        month = dec,
       volume = {923},
       number = {1},
          eid = {129},
        pages = {129},
          doi = {10.3847/1538-4357/ac1d51},
archivePrefix = {arXiv},
       eprint = {2108.02783},
 primaryClass = {astro-ph.GA},
       adsurl = {https://ui.adsabs.harvard.edu/abs/2021ApJ...923..129J},
      adsnote = {Provided by the SAO/NASA Astrophysics Data System}
}

@ARTICLE{Santos-Silva_2021,
       author = {{Santos-Silva}, T. and {Perottoni}, H.~D. and {Almeida-Fernandes}, F. and {Gregorio-Hetem}, J. and {Jatenco-Pereira}, V. and {Mendes de Oliveira}, C. and {Montmerle}, T. and {Bica}, E. and {Bonatto}, C. and {Monteiro}, H. and {Dias}, W.~S. and {Barbosa}, C.~E. and {Fernandes}, B. and {Galli}, P.~A.~B. and {Borges Fernandes}, M. and {Kanaan}, A. and {Ribeiro}, T. and {Schoenell}, W.},
        title = "{Canis Major OB1 stellar group contents revealed by Gaia}",
      journal = {\mnras},
     keywords = {star: early-type, stars: formation, stars: pre-main-sequence, open clusters and associations: general, Astrophysics - Astrophysics of Galaxies, Astrophysics - Solar and Stellar Astrophysics},
         year = 2021,
        month = nov,
       volume = {508},
       number = {1},
        pages = {1033-1055},
          doi = {10.1093/mnras/stab2409},
archivePrefix = {arXiv},
       eprint = {2108.06234},
 primaryClass = {astro-ph.GA},
       adsurl = {https://ui.adsabs.harvard.edu/abs/2021MNRAS.508.1033S},
      adsnote = {Provided by the SAO/NASA Astrophysics Data System}
}

@ARTICLE{Tarricq_2022,
       author = {{Tarricq}, Y. and {Soubiran}, C. and {Casamiquela}, L. and {Castro-Ginard}, A. and {Olivares}, J. and {Miret-Roig}, N. and {Galli}, P.~A.~B.},
        title = "{Structural parameters of 389 local open clusters}",
      journal = {\aap},
     keywords = {Galaxy: kinematics and dynamics, Galaxy: structure, methods: statistical, surveys, open clusters and associations: general, Astrophysics - Astrophysics of Galaxies, Astrophysics - Instrumentation and Methods for Astrophysics},
         year = 2022,
        month = mar,
       volume = {659},
          eid = {A59},
        pages = {A59},
          doi = {10.1051/0004-6361/202142186},
archivePrefix = {arXiv},
       eprint = {2111.05291},
 primaryClass = {astro-ph.GA},
       adsurl = {https://ui.adsabs.harvard.edu/abs/2022A&amp;A...659A..59T},
      adsnote = {Provided by the SAO/NASA Astrophysics Data System}
}

@ARTICLE{Castro-Ginard_2022,
       author = {{Castro-Ginard}, A. and {Jordi}, C. and {Luri}, X. and {Cantat-Gaudin}, T. and {Carrasco}, J.~M. and {Casamiquela}, L. and {Anders}, F. and {Balaguer-N{\'u}{\~n}ez}, L. and {Badia}, R.~M.},
        title = "{Hunting for open clusters in Gaia EDR3: 628 new open clusters found with OCfinder}",
      journal = {\aap},
     keywords = {Galaxy: disk, open clusters and associations: general, astrometry, methods: data analysis, Astrophysics - Astrophysics of Galaxies},
         year = 2022,
        month = may,
       volume = {661},
          eid = {A118},
        pages = {A118},
          doi = {10.1051/0004-6361/202142568},
archivePrefix = {arXiv},
       eprint = {2111.01819},
 primaryClass = {astro-ph.GA},
       adsurl = {https://ui.adsabs.harvard.edu/abs/2022A&amp;A...661A.118C},
      adsnote = {Provided by the SAO/NASA Astrophysics Data System}
}

@ARTICLE{He_2022,
       author = {{He}, Zhihong and {Li}, Chunyan and {Zhong}, Jing and {Liu}, Guimei and {Bai}, Leya and {Qin}, Songmei and {Jiang}, Yueyue and {Zhang}, Xi and {Chen}, Li},
        title = "{New Open-cluster Candidates Found in the Galactic Disk Using Gaia DR2/EDR3 Data}",
      journal = {\apjs},
     keywords = {Open star clusters, Star clusters, 1160, 1567, Astrophysics - Astrophysics of Galaxies},
         year = 2022,
        month = may,
       volume = {260},
       number = {1},
          eid = {8},
        pages = {8},
          doi = {10.3847/1538-4365/ac5cbb},
archivePrefix = {arXiv},
       eprint = {2203.05177},
 primaryClass = {astro-ph.GA},
       adsurl = {https://ui.adsabs.harvard.edu/abs/2022ApJS..260....8H},
      adsnote = {Provided by the SAO/NASA Astrophysics Data System}
}

@ARTICLE{He_2022_1,
       author = {{He}, Zhihong and {Wang}, Kun and {Luo}, Yangping and {Li}, Jing and {Liu}, Xiaochen and {Jiang}, Qingquan},
        title = "{A Blind All-sky Search for Star Clusters in Gaia EDR3: 886 Clusters within 1.2 kpc of the Sun}",
      journal = {\apjs},
     keywords = {Open star clusters, Star clusters, 1160, 1567, Astrophysics - Astrophysics of Galaxies},
         year = 2022,
        month = sep,
       volume = {262},
       number = {1},
          eid = {7},
        pages = {7},
          doi = {10.3847/1538-4365/ac7c17},
archivePrefix = {arXiv},
       eprint = {2206.12170},
 primaryClass = {astro-ph.GA},
       adsurl = {https://ui.adsabs.harvard.edu/abs/2022ApJS..262....7H},
      adsnote = {Provided by the SAO/NASA Astrophysics Data System}
}

@ARTICLE{Hao_2022,
       author = {{Hao}, C.~J. and {Xu}, Y. and {Wu}, Z.~Y. and {Lin}, Z.~H. and {Liu}, D.~J. and {Li}, Y.~J.},
        title = "{Newly detected open clusters in the Galactic disk using Gaia EDR3}",
      journal = {\aap},
     keywords = {Galaxy: stellar content, open clusters and associations: general, methods: data analysis, Astrophysics - Astrophysics of Galaxies},
         year = 2022,
        month = apr,
       volume = {660},
          eid = {A4},
        pages = {A4},
          doi = {10.1051/0004-6361/202243091},
archivePrefix = {arXiv},
       eprint = {2204.00196},
 primaryClass = {astro-ph.GA},
       adsurl = {https://ui.adsabs.harvard.edu/abs/2022A&amp;A...660A...4H},
      adsnote = {Provided by the SAO/NASA Astrophysics Data System}
}

@ARTICLE{Li_2022,
       author = {{Li}, Zhongmu and {Deng}, Yangyang and {Chi}, Huanbin and {Chen}, Jing and {Liu}, Xuejie and {Yan}, Chen and {Chen}, Wen and {Guo}, Wenkai and {Xia}, Tao},
        title = "{LISC Catalog of Star Clusters. I. Galactic Disk Clusters in Gaia EDR3}",
      journal = {\apjs},
     keywords = {621, 1160, 656},
         year = 2022,
        month = mar,
       volume = {259},
       number = {1},
          eid = {19},
        pages = {19},
          doi = {10.3847/1538-4365/ac3c49},
       adsurl = {https://ui.adsabs.harvard.edu/abs/2022ApJS..259...19L},
      adsnote = {Provided by the SAO/NASA Astrophysics Data System}
}

@ARTICLE{He_2023,
       author = {{He}, Zhihong and {Liu}, Xiaochen and {Luo}, Yangping and {Wang}, Kun and {Jiang}, Qingquan},
        title = "{Unveiling Hidden Stellar Aggregates in the Milky Way: 1656 New Star Clusters Found in Gaia EDR3}",
      journal = {\apjs},
     keywords = {Open star clusters, Star clusters, 1160, 1567, Astrophysics - Astrophysics of Galaxies, Astrophysics - Solar and Stellar Astrophysics},
         year = 2023,
        month = jan,
       volume = {264},
       number = {1},
          eid = {8},
        pages = {8},
          doi = {10.3847/1538-4365/ac9af8},
archivePrefix = {arXiv},
       eprint = {2209.08504},
 primaryClass = {astro-ph.GA},
       adsurl = {https://ui.adsabs.harvard.edu/abs/2023ApJS..264....8H},
      adsnote = {Provided by the SAO/NASA Astrophysics Data System}
}

@ARTICLE{Qin_2023,
       author = {{Qin}, Songmei and {Zhong}, Jing and {Tang}, Tong and {Chen}, Li},
        title = "{Hunting for Neighboring Open Clusters with Gaia DR3: 101 New Open Clusters within 500 pc}",
      journal = {\apjs},
     keywords = {Star clusters, Open star clusters, 1567, 1160, Astrophysics - Solar and Stellar Astrophysics},
         year = 2023,
        month = mar,
       volume = {265},
       number = {1},
          eid = {12},
        pages = {12},
          doi = {10.3847/1538-4365/acadd6},
archivePrefix = {arXiv},
       eprint = {2212.11034},
 primaryClass = {astro-ph.SR},
       adsurl = {https://ui.adsabs.harvard.edu/abs/2023ApJS..265...12Q},
      adsnote = {Provided by the SAO/NASA Astrophysics Data System}
}

@ARTICLE{Li_2023,
       author = {{Li}, Zhongmu and {Mao}, Caiyan},
        title = "{LISC Catalog of Star Clusters. II. High Galactic Latitude Open Clusters in Gaia EDR3}",
      journal = {\apjs},
     keywords = {Globular star clusters, Open star clusters, Galaxy stellar content, Fundamental parameters of stars, 656, 1160, 621, 555},
         year = 2023,
        month = mar,
       volume = {265},
       number = {1},
          eid = {3},
        pages = {3},
          doi = {10.3847/1538-4365/acaf7d},
       adsurl = {https://ui.adsabs.harvard.edu/abs/2023ApJS..265....3L},
      adsnote = {Provided by the SAO/NASA Astrophysics Data System}
}

@ARTICLE{Chi_2023_2,
       author = {{Chi}, Huanbin and {Wei}, Shoulin and {Wang}, Feng and {Li}, Zhongmu},
        title = "{Identifying 46 New Open Cluster Candidates in Gaia EDR3 Using a Hybrid pyUPMASK and Random Forest Method}",
      journal = {\apjs},
     keywords = {Open star clusters, 1160, Astrophysics - Solar and Stellar Astrophysics, Astrophysics - Astrophysics of Galaxies, Astrophysics - Instrumentation and Methods for Astrophysics},
         year = 2023,
        month = mar,
       volume = {265},
       number = {1},
          eid = {20},
        pages = {20},
          doi = {10.3847/1538-4365/acb2cc},
archivePrefix = {arXiv},
       eprint = {2212.11569},
 primaryClass = {astro-ph.SR},
       adsurl = {https://ui.adsabs.harvard.edu/abs/2023ApJS..265...20C},
      adsnote = {Provided by the SAO/NASA Astrophysics Data System}
}

@ARTICLE{Chi_2023,
       author = {{Chi}, Huanbin and {Wang}, Feng and {Li}, Zhongmu},
        title = "{LISC Catalog of Open Clusters III. 83 Newly Found Galactic Disk Open Clusters Using Gaia EDR3}",
      journal = {Research in Astronomy and Astrophysics},
     keywords = {techniques: photometric, galaxies: star clusters: individual (..., ...), galaxies: star clusters: general, Astrophysics - Astrophysics of Galaxies, Astrophysics - Instrumentation and Methods for Astrophysics},
         year = 2023,
        month = jun,
       volume = {23},
       number = {6},
          eid = {065008},
        pages = {065008},
          doi = {10.1088/1674-4527/accbad},
archivePrefix = {arXiv},
       eprint = {2302.08926},
 primaryClass = {astro-ph.GA},
       adsurl = {https://ui.adsabs.harvard.edu/abs/2023RAA....23f5008C},
      adsnote = {Provided by the SAO/NASA Astrophysics Data System}
}

@ARTICLE{Chi_2023_3,
       author = {{Chi}, Huanbin and {Wang}, Feng and {Wang}, Wenting and {Deng}, Hui and {Li}, Zhongmu},
        title = "{Blind Search of the Solar Neighborhood Galactic Disk within 5 kpc: 1179 New Star Clusters Found in Gaia DR3}",
      journal = {\apjs},
     keywords = {Open star clusters, Star clusters, 1160, 1567, Astrophysics - Astrophysics of Galaxies, Astrophysics - Instrumentation and Methods for Astrophysics},
         year = 2023,
        month = jun,
       volume = {266},
       number = {2},
          eid = {36},
        pages = {36},
          doi = {10.3847/1538-4365/accb50},
archivePrefix = {arXiv},
       eprint = {2303.10380},
 primaryClass = {astro-ph.GA},
       adsurl = {https://ui.adsabs.harvard.edu/abs/2023ApJS..266...36C},
      adsnote = {Provided by the SAO/NASA Astrophysics Data System}
}

@ARTICLE{Froebrich_2007,
       author = {{Froebrich}, D. and {Scholz}, A. and {Raftery}, C.~L.},
        title = "{A systematic survey for infrared star clusters with |b| <20{\textdegree} using 2MASS}",
      journal = {\mnras},
     keywords = {methods: statistical, globular clusters: general, open clusters and associations: general, Astrophysics},
         year = 2007,
        month = jan,
       volume = {374},
       number = {2},
        pages = {399-408},
          doi = {10.1111/j.1365-2966.2006.11148.x},
archivePrefix = {arXiv},
       eprint = {astro-ph/0610146},
 primaryClass = {astro-ph},
       adsurl = {https://ui.adsabs.harvard.edu/abs/2007MNRAS.374..399F},
      adsnote = {Provided by the SAO/NASA Astrophysics Data System}
}

@ARTICLE{Ryu_2018,
       author = {{Ryu}, Jinhyuk and {Lee}, Myung Gyoon},
        title = "{A WISE Survey of New Star Clusters in the Central Plane Region of the Milky Way}",
      journal = {\apj},
     keywords = {catalogs, Galaxy: disk, Galaxy: structure, infrared: stars, open clusters and associations: general, Astrophysics - Astrophysics of Galaxies},
         year = 2018,
        month = apr,
       volume = {856},
       number = {2},
          eid = {152},
        pages = {152},
          doi = {10.3847/1538-4357/aab1ff},
archivePrefix = {arXiv},
       eprint = {1803.08234},
 primaryClass = {astro-ph.GA},
       adsurl = {https://ui.adsabs.harvard.edu/abs/2018ApJ...856..152R},
      adsnote = {Provided by the SAO/NASA Astrophysics Data System}
}

@ARTICLE{Barba_2015,
       author = {{Barb{\'a}}, R.~H. and {Roman-Lopes}, A. and {Nilo Castell{\'o}n}, J.~L. and {Firpo}, V. and {Minniti}, D. and {Lucas}, P. and {Emerson}, J.~P. and {Hempel}, M. and {Soto}, M. and {Saito}, R.~K.},
        title = "{Hundreds of new cluster candidates in the VISTA Variables in the V{\'\i}a L{\'a}ctea survey DR1}",
      journal = {\aap},
     keywords = {open clusters and associations: general, Galaxy: stellar content, Galaxy: structure, infrared: stars, surveys, Astrophysics - Solar and Stellar Astrophysics, Astrophysics - Astrophysics of Galaxies},
         year = 2015,
        month = sep,
       volume = {581},
          eid = {A120},
        pages = {A120},
          doi = {10.1051/0004-6361/201424048},
archivePrefix = {arXiv},
       eprint = {1505.02764},
 primaryClass = {astro-ph.SR},
       adsurl = {https://ui.adsabs.harvard.edu/abs/2015A&A...581A.120B},
      adsnote = {Provided by the SAO/NASA Astrophysics Data System}
}

@ARTICLE{Cantat-Anders_2020,
       author = {{Cantat-Gaudin}, T. and {Anders}, F.},
        title = "{Clusters and mirages: cataloguing stellar aggregates in the Milky Way}",
      journal = {\aap},
     keywords = {open clusters and associations: general, Galaxy: stellar content, Astrophysics - Solar and Stellar Astrophysics, Astrophysics - Astrophysics of Galaxies},
         year = 2020,
        month = jan,
       volume = {633},
          eid = {A99},
        pages = {A99},
          doi = {10.1051/0004-6361/201936691},
archivePrefix = {arXiv},
       eprint = {1911.07075},
 primaryClass = {astro-ph.SR},
       adsurl = {https://ui.adsabs.harvard.edu/abs/2020A&A...633A..99C},
      adsnote = {Provided by the SAO/NASA Astrophysics Data System}
}

@ARTICLE{Vasiliev_2021,
       author = {{Vasiliev}, Eugene and {Baumgardt}, Holger},
        title = "{Gaia EDR3 view on galactic globular clusters}",
      journal = {\mnras},
     keywords = {parallaxes, proper motions, globular clusters: general, Galaxy: kinematics and dynamics, Astrophysics - Astrophysics of Galaxies},
         year = 2021,
        month = aug,
       volume = {505},
       number = {4},
        pages = {5978-6002},
          doi = {10.1093/mnras/stab1475},
archivePrefix = {arXiv},
       eprint = {2102.09568},
 primaryClass = {astro-ph.GA},
       adsurl = {https://ui.adsabs.harvard.edu/abs/2021MNRAS.505.5978V},
      adsnote = {Provided by the SAO/NASA Astrophysics Data System}
}

@article{Qin_2021,
    doi = {10.1088/1674-4527/21/2/45},
    url = {https://doi.org/10.1088%2F1674-4527%2F21%2F2%2F45},
    year = 2021,
    month = {mar},
    publisher = {{IOP} Publishing},
    volume = {21},
    number = {2},
    pages = {045},
    author = {Song-Mei Qin and Jing Li and Li Chen and Jing Zhong},
    title = {Discovery of Four New Clusters in the Cygnus Cloud},
    journal = {Research in Astronomy and Astrophysics}
}

@article{Casado_2023,
    doi = {10.1093/mnras/stad071},
    url = {https://doi.org/10.1093%2Fmnras%2Fstad071},
    year = 2023,
    month = {jan},
    publisher = {Oxford University Press ({OUP})},
    volume = {521},
    number = {1},
    pages = {1399--1407},
    author = {Juan Casado and Yasser Hendy},
    title = {Discovery and description of two young open clusters in the primordial group of {NGC} 6871},
    journal = {Monthly Notices of the Royal Astronomical Society}
}

@article{Anders_2022,
    doi = {10.3847/2515-5172/ac6034},
    url = {https://doi.org/10.3847%2F2515-5172%2Fac6034},
    year = 2022,
    month = {mar},
    publisher = {American Astronomical Society},
    volume = {6},
    number = {3},
    pages = {58},
    author = {Friedrich Anders and Alfred Castro-Ginard and Juan Casado and Carme Jordi and Lola Balaguer-N{\'{u}}{\~{n}}ez},
    title = {{NGC} 1605 is not a Binary Cluster},
    journal = {Research Notes of the {AAS}}
}

@ARTICLE{Bastian_2019,
       author = {{Bastian}, U.},
        title = "{Gaia 8: Discovery of a star cluster containing {\ensuremath{\beta}} Lyrae}",
      journal = {\aap},
     keywords = {binaries: general, stars: individual: {\ensuremath{\beta}} Lyrae, open clusters and associations: individual: Gaia 8, open clusters and associations: individual: Stephenson 1, open clusters and associations: individual: KPR2005 100},
         year = 2019,
        month = oct,
       volume = {630},
          eid = {L8},
        pages = {L8},
          doi = {10.1051/0004-6361/201936595},
       adsurl = {https://ui.adsabs.harvard.edu/abs/Bastian_2019},
      adsnote = {Provided by the SAO/NASA Astrophysics Data System}
}

@ARTICLE{Tian_2020,
       author = {{Tian}, Hai-Jun},
        title = "{Discovery of a Young Stellar Snake with Two Dissolving Cores in the Solar Neighborhood}",
      journal = {\apj},
     keywords = {Stellar kinematics, Stellar associations, Stellar dynamics, Open star clusters, Gould Belt, OB associations, Young stellar objects, Pre-main sequence stars, Solar neighborhood, Proper motions, Tidal tails, Filamentary nebulae, 1608, 1582, 1596, 1160, 658, 1140, 1834, 1290, 1509, 1295, 1701, 535, Astrophysics - Astrophysics of Galaxies, Astrophysics - Solar and Stellar Astrophysics},
         year = 2020,
        month = dec,
       volume = {904},
       number = {2},
          eid = {196},
        pages = {196},
          doi = {10.3847/1538-4357/abbf4b},
archivePrefix = {arXiv},
       eprint = {2005.12265},
 primaryClass = {astro-ph.GA},
       adsurl = {https://ui.adsabs.harvard.edu/abs/Tian_2020},
      adsnote = {Provided by the SAO/NASA Astrophysics Data System}
}

@ARTICLE{Zari_2018,
       author = {{Zari}, E. and {Hashemi}, H. and {Brown}, A.~G.~A. and {Jardine}, K. and {de Zeeuw}, P.~T.},
        title = "{3D mapping of young stars in the solar neighbourhood with Gaia DR2}",
      journal = {\aap},
     keywords = {stars: distances, stars: formation, stars: pre-main sequence, stars: early-type, solar neighborhood, open clusters and associations: general, Astrophysics - Solar and Stellar Astrophysics, Astrophysics - Astrophysics of Galaxies},
         year = 2018,
        month = dec,
       volume = {620},
          eid = {A172},
        pages = {A172},
          doi = {10.1051/0004-6361/201834150},
archivePrefix = {arXiv},
       eprint = {1810.09819},
 primaryClass = {astro-ph.SR},
       adsurl = {https://ui.adsabs.harvard.edu/abs/Zari_2018},
      adsnote = {Provided by the SAO/NASA Astrophysics Data System}
}

@ARTICLE{Kounkel_2020,
       author = {{Kounkel}, Marina and {Covey}, Kevin and {Stassun}, Keivan G.},
        title = "{Untangling the Galaxy. II. Structure within 3 kpc}",
      journal = {\aj},
     keywords = {Milky Way dynamics, Galaxy structure, Stellar kinematics, Star clusters, Stellar associations, Stellar ages, 1051, 622, 1608, 1567, 1582, 1581, Astrophysics - Astrophysics of Galaxies, Astrophysics - Solar and Stellar Astrophysics},
         year = 2020,
        month = dec,
       volume = {160},
       number = {6},
          eid = {279},
        pages = {279},
          doi = {10.3847/1538-3881/abc0e6},
archivePrefix = {arXiv},
       eprint = {2004.07261},
 primaryClass = {astro-ph.GA},
       adsurl = {https://ui.adsabs.harvard.edu/abs/2020AJ....160..279K},
      adsnote = {Provided by the SAO/NASA Astrophysics Data System}
}

@ARTICLE{He_2023_2,
       author = {{He}, Zhihong and {Luo}, Yangping and {Wang}, Kun and {Ren}, Anbing and {Peng}, Liming and {Cui}, Qian and {Liu}, Xiaochen and {Jiang}, Qingquan},
        title = "{Survey for Distant Stellar Aggregates in Galactic Disk: Detecting Two Thousand Star Clusters and Candidates, along with the Dwarf Galaxy IC10}",
      journal = {arXiv e-prints},
     keywords = {Astrophysics - Astrophysics of Galaxies},
         year = 2023,
        month = may,
          eid = {arXiv:2305.10269},
        pages = {arXiv:2305.10269},
          doi = {10.48550/arXiv.2305.10269},
archivePrefix = {arXiv},
       eprint = {2305.10269},
 primaryClass = {astro-ph.GA},
       adsurl = {https://ui.adsabs.harvard.edu/abs/2023arXiv230510269H},
      adsnote = {Provided by the SAO/NASA Astrophysics Data System}
}

@ARTICLE{Hao_2021,
       author = {{Hao}, C.~J. and {Xu}, Y. and {Hou}, L.~G. and {Bian}, S.~B. and {Li}, J.~J. and {Wu}, Z.~Y. and {He}, Z.~H. and {Li}, Y.~J. and {Liu}, D.~J.},
        title = "{Evolution of the local spiral structure of the Milky Way revealed by open clusters}",
      journal = {\aap},
     keywords = {Galaxy: evolution, Galaxy: structure, Galaxy: kinematics and dynamics, open clusters and associations: general, Astrophysics - Astrophysics of Galaxies},
         year = 2021,
        month = aug,
       volume = {652},
          eid = {A102},
        pages = {A102},
          doi = {10.1051/0004-6361/202140608},
archivePrefix = {arXiv},
       eprint = {2107.06478},
 primaryClass = {astro-ph.GA},
       adsurl = {https://ui.adsabs.harvard.edu/abs/Hao_2021},
      adsnote = {Provided by the SAO/NASA Astrophysics Data System}
}

@ARTICLE{Gran_2022,
       author = {{Gran}, F. and {Zoccali}, M. and {Saviane}, I. and {Valenti}, E. and {Rojas-Arriagada}, A. and {Contreras Ramos}, R. and {Hartke}, J. and {Carballo-Bello}, J.~A. and {Navarrete}, C. and {Rejkuba}, M. and {Olivares Carvajal}, J.},
        title = "{Hidden in the haystack: low-luminosity globular clusters towards the Milky Way bulge}",
      journal = {\mnras},
     keywords = {surveys, proper motions, stars: kinematics and dynamics, Galaxy: bulge, globular clusters: general, Astrophysics - Astrophysics of Galaxies, Astrophysics - Instrumentation and Methods for Astrophysics, Astrophysics - Solar and Stellar Astrophysics},
         year = 2022,
        month = feb,
       volume = {509},
       number = {4},
        pages = {4962-4981},
          doi = {10.1093/mnras/stab2463},
archivePrefix = {arXiv},
       eprint = {2108.11922},
 primaryClass = {astro-ph.GA},
       adsurl = {https://ui.adsabs.harvard.edu/abs/2022MNRAS.509.4962G},
      adsnote = {Provided by the SAO/NASA Astrophysics Data System}
}

@ARTICLE{Pera_2021,
       author = {{Pera}, M.~S. and {Perren}, G.~I. and {Moitinho}, A. and {Navone}, H.~D. and {Vazquez}, R.~A.},
        title = "{pyUPMASK: an improved unsupervised clustering algorithm}",
      journal = {\aap},
     keywords = {open clusters and associations: general, methods: data analysis, open clusters and associations: individual: NGC 2516, methods: statistical, Astrophysics - Astrophysics of Galaxies},
         year = 2021,
        month = jun,
       volume = {650},
          eid = {A109},
        pages = {A109},
          doi = {10.1051/0004-6361/202040252},
archivePrefix = {arXiv},
       eprint = {2101.01660},
 primaryClass = {astro-ph.GA},
       adsurl = {https://ui.adsabs.harvard.edu/abs/2021A&A...650A.109P},
      adsnote = {Provided by the SAO/NASA Astrophysics Data System}
}

@inproceedings{Ester_1996,
  title={A Density-Based Algorithm for Discovering Clusters in Large Spatial Databases with Noise},
  author={Martin Ester and Hans-Peter Kriegel and J{\"o}rg Sander and Xiaowei Xu},
  booktitle={Knowledge Discovery and Data Mining},
  year={1996}
}

@ARTICLE{Huchra_1982,
       author = {{Huchra}, J.~P. and {Geller}, M.~J.},
        title = "{Groups of Galaxies. I. Nearby groups}",
      journal = {\apj},
     keywords = {Astronomical Catalogs, Cosmology, Density Distribution, Galactic Clusters, Mass To Light Ratios, Red Shift, Galactic Structure, Luminosity, Velocity Distribution, Virgo Galactic Cluster, Astrophysics},
         year = 1982,
        month = jun,
       volume = {257},
        pages = {423-437},
          doi = {10.1086/160000},
       adsurl = {https://ui.adsabs.harvard.edu/abs/1982ApJ...257..423H},
      adsnote = {Provided by the SAO/NASA Astrophysics Data System}
}

@ARTICLE{Krone_2014,
       author = {{Krone-Martins}, A. and {Moitinho}, A.},
        title = "{UPMASK: unsupervised photometric membership assignment in stellar clusters}",
      journal = {\aap},
     keywords = {open clusters and associations: general, open clusters and associations: individual: Haner 10, methods: data analysis, methods: statistical, open clusters and associations: individual: Haner 16, open clusters and associations: individual: Czernik 29, Astrophysics - Instrumentation and Methods for Astrophysics, Astrophysics - Astrophysics of Galaxies},
         year = 2014,
        month = jan,
       volume = {561},
          eid = {A57},
        pages = {A57},
          doi = {10.1051/0004-6361/201321143},
archivePrefix = {arXiv},
       eprint = {1309.4471},
 primaryClass = {astro-ph.IM},
       adsurl = {https://ui.adsabs.harvard.edu/abs/2014A&A...561A..57K},
      adsnote = {Provided by the SAO/NASA Astrophysics Data System}
}

@article{Efron_1979,
author = {B. Efron},
title = {{Bootstrap Methods: Another Look at the Jackknife}},
volume = {7},
journal = {The Annals of Statistics},
number = {1},
publisher = {Institute of Mathematical Statistics},
pages = {1 -- 26},
keywords = {bootstrap, discriminant analysis, error rate estimation, jackknife, Nonlinear regression, nonparametric variance estimation, Resampling, subsample values},
year = {1979},
doi = {10.1214/aos/1176344552},
URL = {https://doi.org/10.1214/aos/1176344552}
}

@article{ripley_1976,
    title={The second-order analysis of stationary point processes},
    volume={13}, DOI={10.2307/3212829},
    number={2}, journal={Journal of Applied Probability},
    publisher={Cambridge University Press},
    author={Ripley, B. D.},
    year={1976},
    pages={255–266}
}

@article{ripley_1979,
 ISSN = {00359246},
 URL = {http://www.jstor.org/stable/2985065},
 abstract = {Tests of "randomness" and methods of edge-correction for spatial point patterns are surveyed. The asymptotic distribution theory and power of tests based on the nearest-neighbour distances and estimates of the variance function are investigated.},
 author = {B. D. Ripley},
 journal = {Journal of the Royal Statistical Society. Series B (Methodological)},
 number = {3},
 pages = {368--374},
 publisher = {[Royal Statistical Society, Wiley]},
 title = {Tests of `Randomness' for Spatial Point Patterns},
 volume = {41},
 year = {1979}
}

@ARTICLE{Kos_2018,
       author = {{Kos}, Janez and {de Silva}, Gayandhi and {Buder}, Sven and {Bland-Hawthorn}, Joss and {Sharma}, Sanjib and {Asplund}, Martin and {D'Orazi}, Valentina and {Duong}, Ly and {Freeman}, Ken and {Lewis}, Geraint F. and {Lin}, Jane and {Lind}, Karin and {Martell}, Sarah L. and {Schlesinger}, Katharine J. and {Simpson}, Jeffrey D. and {Zucker}, Daniel B. and {Zwitter}, Toma{\v{z}} and {Bedding}, Timothy R. and {{\v{C}}otar}, Klemen and {Horner}, Jonathan and {Nordlander}, Thomas and {Stello}, Denis and {Ting}, Yuan-Sen and {Traven}, Gregor},
        title = "{The GALAH survey and Gaia DR2: (non-)existence of five sparse high-latitude open clusters}",
      journal = {\mnras},
     keywords = {techniques: radial velocities, catalogues, surveys, parallaxes, proper motions, Astrophysics - Astrophysics of Galaxies, Astrophysics - Solar and Stellar Astrophysics},
         year = 2018,
        month = nov,
       volume = {480},
       number = {4},
        pages = {5242-5259},
          doi = {10.1093/mnras/sty2171},
archivePrefix = {arXiv},
       eprint = {1807.00822},
 primaryClass = {astro-ph.GA},
       adsurl = {https://ui.adsabs.harvard.edu/abs/2018MNRAS.480.5242K},
      adsnote = {Provided by the SAO/NASA Astrophysics Data System}
}

@ARTICLE{Tremmel_2013,
       author = {{Tremmel}, M. and {Fragos}, T. and {Lehmer}, B.~D. and {Tzanavaris}, P. and {Belczynski}, K. and {Kalogera}, V. and {Basu-Zych}, A.~R. and {Farr}, W.~M. and {Hornschemeier}, A. and {Jenkins}, L. and {Ptak}, A. and {Zezas}, A.},
        title = "{Modeling the Redshift Evolution of the Normal Galaxy X-Ray Luminosity Function}",
      journal = {\apj},
     keywords = {binaries: close, galaxies: stellar content, stars: evolution, X-rays: binaries, X-rays: diffuse background, X-rays: galaxies, Astrophysics - Cosmology and Nongalactic Astrophysics, Astrophysics - Astrophysics of Galaxies, Astrophysics - High Energy Astrophysical Phenomena},
         year = 2013,
        month = mar,
       volume = {766},
       number = {1},
          eid = {19},
        pages = {19},
          doi = {10.1088/0004-637X/766/1/19},
archivePrefix = {arXiv},
       eprint = {1210.7185},
 primaryClass = {astro-ph.CO},
       adsurl = {https://ui.adsabs.harvard.edu/abs/2013ApJ...766...19T},
      adsnote = {Provided by the SAO/NASA Astrophysics Data System}
}










































%%%%%%%%%%%%%%%%%%%%%%%%%%%%%%%%%%%%%%%%%%%%%%%
% Packages and tools
%%%%%%%%%%%%%%%%%%%%%%%%%%%%%%%%%%%%%%%%%%%%%%%

@ARTICLE{Perren_2015,
       author = {{Perren}, G.~I. and {V{\'a}zquez}, R.~A. and {Piatti}, A.~E.},
        title = "{ASteCA: Automated Stellar Cluster Analysis}",
      journal = {\aap},
     keywords = {methods: statistical, galaxies: star clusters: general, open clusters and associations: general, techniques: photometric, Astrophysics - Astrophysics of Galaxies, Astrophysics - Solar and Stellar Astrophysics},
         year = 2015,
        month = apr,
       volume = {576},
          eid = {A6},
        pages = {A6},
          doi = {10.1051/0004-6361/201424946},
archivePrefix = {arXiv},
       eprint = {1412.2366},
 primaryClass = {astro-ph.GA},
       adsurl = {https://ui.adsabs.harvard.edu/abs/2015A&A...576A...6P},
      adsnote = {Provided by the SAO/NASA Astrophysics Data System}
}

@article{astropy:2013,
Adsnote = {Provided by the SAO/NASA Astrophysics Data System},
Adsurl = {http://adsabs.harvard.edu/abs/2013A%26A...558A..33A},
Archiveprefix = {arXiv},
Author = {{Astropy Collaboration} and {Robitaille}, T.~P. and {Tollerud}, E.~J. and {Greenfield}, P. and {Droettboom}, M. and {Bray}, E. and {Aldcroft}, T. and {Davis}, M. and {Ginsburg}, A. and {Price-Whelan}, A.~M. and {Kerzendorf}, W.~E. and {Conley}, A. and {Crighton}, N. and {Barbary}, K. and {Muna}, D. and {Ferguson}, H. and {Grollier}, F. and {Parikh}, M.~M. and {Nair}, P.~H. and {Unther}, H.~M. and {Deil}, C. and {Woillez}, J. and {Conseil}, S. and {Kramer}, R. and {Turner}, J.~E.~H. and {Singer}, L. and {Fox}, R. and {Weaver}, B.~A. and {Zabalza}, V. and {Edwards}, Z.~I. and {Azalee Bostroem}, K. and {Burke}, D.~J. and {Casey}, A.~R. and {Crawford}, S.~M. and {Dencheva}, N. and {Ely}, J. and {Jenness}, T. and {Labrie}, K. and {Lim}, P.~L. and {Pierfederici}, F. and {Pontzen}, A. and {Ptak}, A. and {Refsdal}, B. and {Servillat}, M. and {Streicher}, O.},
Doi = {10.1051/0004-6361/201322068},
Eid = {A33},
Eprint = {1307.6212},
Journal = {\aap},
Keywords = {methods: data analysis, methods: miscellaneous, virtual observatory tools},
Month = oct,
Pages = {A33},
Primaryclass = {astro-ph.IM},
Title = {{Astropy: A community Python package for astronomy}},
Volume = 558,
Year = 2013,
Bdsk-Url-1 = {https://dx.doi.org/10.1051/0004-6361/201322068}
}

@ARTICLE{astropy:2018,
       author = {{Astropy Collaboration} and {Price-Whelan}, A.~M. and
         {Sip{\H{o}}cz}, B.~M. and {G{\"u}nther}, H.~M. and {Lim}, P.~L. and
         {Crawford}, S.~M. and {Conseil}, S. and {Shupe}, D.~L. and
         {Craig}, M.~W. and {Dencheva}, N. and {Ginsburg}, A. and {Vand
        erPlas}, J.~T. and {Bradley}, L.~D. and {P{\'e}rez-Su{\'a}rez}, D. and
         {de Val-Borro}, M. and {Aldcroft}, T.~L. and {Cruz}, K.~L. and
         {Robitaille}, T.~P. and {Tollerud}, E.~J. and {Ardelean}, C. and
         {Babej}, T. and {Bach}, Y.~P. and {Bachetti}, M. and {Bakanov}, A.~V. and
         {Bamford}, S.~P. and {Barentsen}, G. and {Barmby}, P. and
         {Baumbach}, A. and {Berry}, K.~L. and {Biscani}, F. and {Boquien}, M. and
         {Bostroem}, K.~A. and {Bouma}, L.~G. and {Brammer}, G.~B. and
         {Bray}, E.~M. and {Breytenbach}, H. and {Buddelmeijer}, H. and
         {Burke}, D.~J. and {Calderone}, G. and {Cano Rodr{\'\i}guez}, J.~L. and
         {Cara}, M. and {Cardoso}, J.~V.~M. and {Cheedella}, S. and {Copin}, Y. and
         {Corrales}, L. and {Crichton}, D. and {D'Avella}, D. and {Deil}, C. and
         {Depagne}, {\'E}. and {Dietrich}, J.~P. and {Donath}, A. and
         {Droettboom}, M. and {Earl}, N. and {Erben}, T. and {Fabbro}, S. and
         {Ferreira}, L.~A. and {Finethy}, T. and {Fox}, R.~T. and
         {Garrison}, L.~H. and {Gibbons}, S.~L.~J. and {Goldstein}, D.~A. and
         {Gommers}, R. and {Greco}, J.~P. and {Greenfield}, P. and
         {Groener}, A.~M. and {Grollier}, F. and {Hagen}, A. and {Hirst}, P. and
         {Homeier}, D. and {Horton}, A.~J. and {Hosseinzadeh}, G. and {Hu}, L. and
         {Hunkeler}, J.~S. and {Ivezi{\'c}}, {\v{Z}}. and {Jain}, A. and
         {Jenness}, T. and {Kanarek}, G. and {Kendrew}, S. and {Kern}, N.~S. and
         {Kerzendorf}, W.~E. and {Khvalko}, A. and {King}, J. and {Kirkby}, D. and
         {Kulkarni}, A.~M. and {Kumar}, A. and {Lee}, A. and {Lenz}, D. and
         {Littlefair}, S.~P. and {Ma}, Z. and {Macleod}, D.~M. and
         {Mastropietro}, M. and {McCully}, C. and {Montagnac}, S. and
         {Morris}, B.~M. and {Mueller}, M. and {Mumford}, S.~J. and {Muna}, D. and
         {Murphy}, N.~A. and {Nelson}, S. and {Nguyen}, G.~H. and
         {Ninan}, J.~P. and {N{\"o}the}, M. and {Ogaz}, S. and {Oh}, S. and
         {Parejko}, J.~K. and {Parley}, N. and {Pascual}, S. and {Patil}, R. and
         {Patil}, A.~A. and {Plunkett}, A.~L. and {Prochaska}, J.~X. and
         {Rastogi}, T. and {Reddy Janga}, V. and {Sabater}, J. and
         {Sakurikar}, P. and {Seifert}, M. and {Sherbert}, L.~E. and
         {Sherwood-Taylor}, H. and {Shih}, A.~Y. and {Sick}, J. and
         {Silbiger}, M.~T. and {Singanamalla}, S. and {Singer}, L.~P. and
         {Sladen}, P.~H. and {Sooley}, K.~A. and {Sornarajah}, S. and
         {Streicher}, O. and {Teuben}, P. and {Thomas}, S.~W. and
         {Tremblay}, G.~R. and {Turner}, J.~E.~H. and {Terr{\'o}n}, V. and
         {van Kerkwijk}, M.~H. and {de la Vega}, A. and {Watkins}, L.~L. and
         {Weaver}, B.~A. and {Whitmore}, J.~B. and {Woillez}, J. and
         {Zabalza}, V. and {Astropy Contributors}},
        title = "{The Astropy Project: Building an Open-science Project and Status of the v2.0 Core Package}",
      journal = {\aj},
     keywords = {methods: data analysis, methods: miscellaneous, methods: statistical, reference systems, Astrophysics - Instrumentation and Methods for Astrophysics},
         year = 2018,
        month = sep,
       volume = {156},
       number = {3},
          eid = {123},
        pages = {123},
          doi = {10.3847/1538-3881/aabc4f},
archivePrefix = {arXiv},
       eprint = {1801.02634},
 primaryClass = {astro-ph.IM},
       adsurl = {https://ui.adsabs.harvard.edu/abs/2018AJ....156..123A},
      adsnote = {Provided by the SAO/NASA Astrophysics Data System}
}

@ARTICLE{astropy:2022,
       author = {{Astropy Collaboration} and {Price-Whelan}, Adrian M. and {Lim}, Pey Lian and {Earl}, Nicholas and {Starkman}, Nathaniel and {Bradley}, Larry and {Shupe}, David L. and {Patil}, Aarya A. and {Corrales}, Lia and {Brasseur}, C.~E. and {N{"o}the}, Maximilian and {Donath}, Axel and {Tollerud}, Erik and {Morris}, Brett M. and {Ginsburg}, Adam and {Vaher}, Eero and {Weaver}, Benjamin A. and {Tocknell}, James and {Jamieson}, William and {van Kerkwijk}, Marten H. and {Robitaille}, Thomas P. and {Merry}, Bruce and {Bachetti}, Matteo and {G{"u}nther}, H. Moritz and {Aldcroft}, Thomas L. and {Alvarado-Montes}, Jaime A. and {Archibald}, Anne M. and {B{'o}di}, Attila and {Bapat}, Shreyas and {Barentsen}, Geert and {Baz{'a}n}, Juanjo and {Biswas}, Manish and {Boquien}, M{'e}d{'e}ric and {Burke}, D.~J. and {Cara}, Daria and {Cara}, Mihai and {Conroy}, Kyle E. and {Conseil}, Simon and {Craig}, Matthew W. and {Cross}, Robert M. and {Cruz}, Kelle L. and {D'Eugenio}, Francesco and {Dencheva}, Nadia and {Devillepoix}, Hadrien A.~R. and {Dietrich}, J{"o}rg P. and {Eigenbrot}, Arthur Davis and {Erben}, Thomas and {Ferreira}, Leonardo and {Foreman-Mackey}, Daniel and {Fox}, Ryan and {Freij}, Nabil and {Garg}, Suyog and {Geda}, Robel and {Glattly}, Lauren and {Gondhalekar}, Yash and {Gordon}, Karl D. and {Grant}, David and {Greenfield}, Perry and {Groener}, Austen M. and {Guest}, Steve and {Gurovich}, Sebastian and {Handberg}, Rasmus and {Hart}, Akeem and {Hatfield-Dodds}, Zac and {Homeier}, Derek and {Hosseinzadeh}, Griffin and {Jenness}, Tim and {Jones}, Craig K. and {Joseph}, Prajwel and {Kalmbach}, J. Bryce and {Karamehmetoglu}, Emir and {Ka{l}uszy{'n}ski}, Miko{l}aj and {Kelley}, Michael S.~P. and {Kern}, Nicholas and {Kerzendorf}, Wolfgang E. and {Koch}, Eric W. and {Kulumani}, Shankar and {Lee}, Antony and {Ly}, Chun and {Ma}, Zhiyuan and {MacBride}, Conor and {Maljaars}, Jakob M. and {Muna}, Demitri and {Murphy}, N.~A. and {Norman}, Henrik and {O'Steen}, Richard and {Oman}, Kyle A. and {Pacifici}, Camilla and {Pascual}, Sergio and {Pascual-Granado}, J. and {Patil}, Rohit R. and {Perren}, Gabriel I. and {Pickering}, Timothy E. and {Rastogi}, Tanuj and {Roulston}, Benjamin R. and {Ryan}, Daniel F. and {Rykoff}, Eli S. and {Sabater}, Jose and {Sakurikar}, Parikshit and {Salgado}, Jes{'u}s and {Sanghi}, Aniket and {Saunders}, Nicholas and {Savchenko}, Volodymyr and {Schwardt}, Ludwig and {Seifert-Eckert}, Michael and {Shih}, Albert Y. and {Jain}, Anany Shrey and {Shukla}, Gyanendra and {Sick}, Jonathan and {Simpson}, Chris and {Singanamalla}, Sudheesh and {Singer}, Leo P. and {Singhal}, Jaladh and {Sinha}, Manodeep and {Sip{H{o}}cz}, Brigitta M. and {Spitler}, Lee R. and {Stansby}, David and {Streicher}, Ole and {{{S}}umak}, Jani and {Swinbank}, John D. and {Taranu}, Dan S. and {Tewary}, Nikita and {Tremblay}, Grant R. and {Val-Borro}, Miguel de and {Van Kooten}, Samuel J. and {Vasovi{'c}}, Zlatan and {Verma}, Shresth and {de Miranda Cardoso}, Jos{'e} Vin{'i}cius and {Williams}, Peter K.~G. and {Wilson}, Tom J. and {Winkel}, Benjamin and {Wood-Vasey}, W.~M. and {Xue}, Rui and {Yoachim}, Peter and {Zhang}, Chen and {Zonca}, Andrea and {Astropy Project Contributors}},
        title = "{The Astropy Project: Sustaining and Growing a Community-oriented Open-source Project and the Latest Major Release (v5.0) of the Core Package}",
      journal = {apj},
     keywords = {Astronomy software, Open source software, Astronomy data analysis, 1855, 1866, 1858, Astrophysics - Instrumentation and Methods for Astrophysics},
         year = 2022,
        month = aug,
       volume = {935},
       number = {2},
          eid = {167},
        pages = {167},
          doi = {10.3847/1538-4357/ac7c74},
archivePrefix = {arXiv},
       eprint = {2206.14220},
 primaryClass = {astro-ph.IM},
       adsurl = {https://ui.adsabs.harvard.edu/abs/2022ApJ...935..167A},
      adsnote = {Provided by the SAO/NASA Astrophysics Data System}
}

@ARTICLE{Bonnarel2000,
  author = {{Bonnarel}, F. and {Fernique}, P. and {Bienaym{\'e}}, O. and {Egret}, D. and {Genova}, F. and {Louys}, M. and {Ochsenbein}, F. and {Wenger}, M. and {Bartlett}, J.~G.},
  title = {{The ALADIN interactive sky atlas. A reference tool for identification of astronomical sources}},
  journal = {AAPS},
  keywords = {ASTRONOMICAL DATA BASES: MISCELLANEOUS, CATALOGS, ATLASES, SURVEYS},
  year = {2000},
  month = {apr},
  volume = {143},
  pages = {33-40},
  doi = {10.1051/aas:2000331},
  adsurl = {http://cdsads.u-strasbg.fr/abs/2000A%26AS..143...33B},
  adsnote = {Provided by the SAO/NASA Astrophysics Data System},
}

@INPROCEEDINGS{Boch2014,
  author = {{Boch}, T. and {Fernique}, P.},
  title = {{Aladin Lite: Embed your Sky in the Browser}},
  booktitle = {Astronomical Data Analysis Software and Systems XXIII},
  year = {2014},
  series = {Astronomical Society of the Pacific Conference Series},
  volume = {485},
  editor = {{Manset}, N. and {Forshay}, P.},
  month = {may},
  pages = {277},
  adsurl = {http://cdsads.u-strasbg.fr/abs/2014ASPC..485..277B},
  adsnote = {Provided by the SAO/NASA Astrophysics Data System},
}

@INPROCEEDINGS{Baumann_2022,
       author = {{Baumann}, Matthieu and {Boch}, Thomas and {Pineau}, Fran{\c{c}}ois-Xavier and {Fernique}, Pierre and {Bot}, Caroline and {Allen}, Mark},
        title = "{Aladin Lite v3: Behind the Scenes of a Major Overhaul}",
    booktitle = {Astronomical Society of the Pacific Conference Series},
         year = 2022,
       editor = {{Ruiz}, Jose Enrique and {Pierfedereci}, Francesco and {Teuben}, Peter},
       series = {Astronomical Society of the Pacific Conference Series},
       volume = {532},
        month = jul,
        pages = {7},
       adsurl = {https://ui.adsabs.harvard.edu/abs/2022ASPC..532....7B},
      adsnote = {Provided by the SAO/NASA Astrophysics Data System}
}

@article{corner,
  doi = {10.21105/joss.00024},
  url = {https://doi.org/10.21105/joss.00024},
  year  = {2016},
  month = {jun},
  publisher = {The Open Journal},
  volume = {1},
  number = {2},
  pages = {24},
  author = {Daniel Foreman-Mackey},
  title = {corner.py: Scatterplot matrices in Python},
  journal = {The Journal of Open Source Software}
}

@article{emcee,
   author = {{Foreman-Mackey}, D. and {Hogg}, D.~W. and {Lang}, D. and {Goodman}, J.},
    title = {emcee: The MCMC Hammer},
  journal = {PASP},
     year = 2013,
   volume = 125,
    pages = {306-312},
   eprint = {1202.3665},
      doi = {10.1086/670067}
}

@article{hunter_2007,
  title={Matplotlib: A 2D graphics environment},
  author={Hunter, John D and others},
  journal={Computing in science and engineering},
  volume={9},
  number={3},
  pages={90--95},
  year={2007}
}

@Misc{Jones_2001,
  author =    {Eric Jones and Travis Oliphant and Pearu Peterson and others},
  title =     {{SciPy}: Open source scientific tools for {Python}},
  year =      {2001},
  url = "http://www.scipy.org/",
  note = {[Online; accessed 2016-06-21]}
}

@ARTICLE{Kalkayotl,
       author = {{Olivares}, J. and {Sarro}, L.~M. and {Bouy}, H. and {Miret-Roig}, N. and {Casamiquela}, L. and {Galli}, P.~A.~B. and {Berihuete}, A. and {Tarricq}, Y.},
        title = "{Kalkayotl: A cluster distance inference code}",
      journal = {\aap},
     keywords = {methods: statistical, parallaxes, open clusters and associations: general, stars: distances, virtual observatory tools, Astrophysics - Instrumentation and Methods for Astrophysics, Astrophysics - Astrophysics of Galaxies, Astrophysics - Solar and Stellar Astrophysics},
         year = 2020,
        month = dec,
       volume = {644},
          eid = {A7},
        pages = {A7},
          doi = {10.1051/0004-6361/202037846},
       eprint = {2010.00272},
 primaryClass = {astro-ph.IM},
       adsurl = {https://ui.adsabs.harvard.edu/abs/2020A&A...644A...7O},
      adsnote = {Provided by the SAO/NASA Astrophysics Data System}
}

@ARTICLE{Ochsenbein_2000,
   author = {{Ochsenbein}, F. and {Bauer}, P. and {Marcout}, J.},
    title = "{The VizieR database of astronomical catalogues}",
  journal = {\aaps},
   eprint = {astro-ph/0002122},
 keywords = {ASTRONOMICAL DATA BASES: MISCELLANEOUS, CATALOGS},
     year = 2000,
    month = apr,
   volume = 143,
    pages = {23-32},
      doi = {10.1051/aas:2000169},
   adsurl = {http://cdsads.u-strasbg.fr/abs/2000A%26AS..143...23O},
  adsnote = {Provided by the SAO/NASA Astrophysics Data System}
}

@ARTICLE{ptemcee,
       author = {{Vousden}, W.~D. and {Farr}, W.~M. and {Mandel}, I.},
        title = "{Dynamic temperature selection for parallel tempering in Markov chain Monte Carlo simulations}",
      journal = {\mnras},
     keywords = {methods: data analysis, methods: numerical, methods: statistical, Astrophysics - Instrumentation and Methods for Astrophysics},
         year = 2016,
        month = jan,
       volume = {455},
       number = {2},
        pages = {1919-1937},
          doi = {10.1093/mnras/stv2422},
       eprint = {1501.05823},
 primaryClass = {astro-ph.IM},
       adsurl = {https://ui.adsabs.harvard.edu/abs/2016MNRAS.455.1919V},
      adsnote = {Provided by the SAO/NASA Astrophysics Data System}
}

@article{scikit-learn,
 title={Scikit-learn: Machine Learning in {P}ython},
 author={Pedregosa, F. and Varoquaux, G. and Gramfort, A. and Michel, V.
         and Thirion, B. and Grisel, O. and Blondel, M. and Prettenhofer, P.
         and Weiss, R. and Dubourg, V. and Vanderplas, J. and Passos, A. and
         Cournapeau, D. and Brucher, M. and Perrot, M. and Duchesnay, E.},
 journal={Journal of Machine Learning Research},
 volume={12},
 pages={2825--2830},
 year={2011}
}

@TechReport{vanRossum_1995,
  author =       "Guido {van Rossum}",
  title =        "{Python} tutorial",
  type =         "Report",
  number =       "CS-R9526",
  institution =  "pub-CWI",
  address =      "pub-CWI:adr",
  pages =        "iii + 65",
  month =        apr,
  year =         "1995",
  bibdate =      "Thu May 21 14:06:05 MDT 1998",
  keywords =     "Object-oriented programming (Computer science);
                 Programming languages (Electronic computers)",
}

@article{vanDerWalt_2011,
  title={The NumPy array: a structure for efficient numerical computation},
  author={Van Der Walt, Stefan and Colbert, S Chris and Varoquaux, Gael},
  journal={Computing in Science \& Engineering},
  volume={13},
  number={2},
  pages={22--30},
  year={2011},
  publisher={AIP Publishing}
}

